<?xml version="1.0" encoding="UTF-8"?><record xmlns="http://www.loc.gov/MARC21/slim" xmlns:cinclude="http://apache.org/cocoon/include/1.0" xmlns:zs="http://www.loc.gov/zing/srw/">
  <leader>00501nz  a2200133n  4500</leader>
  <controlfield tag="001">no 91009730 </controlfield>
  <controlfield tag="003">DLC</controlfield>
  <controlfield tag="005">19910627162207.2</controlfield>
  <controlfield tag="008">910415n| acannaab|          |a aaa     c</controlfield>
  <datafield tag="010" ind1=" " ind2=" ">
    <subfield code="a">no 91009730 </subfield>
  </datafield>
  <datafield tag="040" ind1=" " ind2=" ">
    <subfield code="a">ICRL</subfield>
    <subfield code="c">ICRL</subfield>
  </datafield>
  <datafield tag="100" ind1="1" ind2="0">
    <subfield code="a">Romanova, G. A.</subfield>
    <subfield code="q">(Galina Aleksandrovna)</subfield>
  </datafield>
  <datafield tag="400" ind1="1" ind2="0">
    <subfield code="a">Romanova, Galina Aleksandrovna</subfield>
  </datafield>
  <datafield tag="670" ind1=" " ind2=" ">
    <subfield code="a">Gizatullin, Kh. N. Metodicheskie voprosy soglasovanii︠a︡ pokazateleĭ regionalʹnogo razvitii︠a︡, 1985:</subfield>
    <subfield code="b">t.p. (Romanova G. A.) colophon (Romanova Galina Aleksandrovna)</subfield>
  </datafield>
</record>